<?xml version="1.0" encoding="UTF-8"?><collection xmlns="http://www.loc.gov/MARC21/slim"><record><leader>00317nam--2200121-i-4500</leader><controlfield tag="001">000001328</controlfield><controlfield tag="002">20161230</controlfield><controlfield tag="005">20161230201024</controlfield><controlfield tag="008">060222s1000------------r-----000-0-eng-d</controlfield><datafield ind1=" " ind2=" " tag="100"><subfield code="a">Henson, C.S</subfield></datafield><datafield ind1=" " ind2=" " tag="245"><subfield code="a">Solution of  problems in telecommunications</subfield></datafield><datafield ind1=" " ind2=" " tag="260"><subfield code="a">London, I.Pitman,/1956/ X + 258 P. Cu Fig</subfield></datafield><datafield ind1=" " ind2=" " tag="852"><subfield code="a">11947</subfield></datafield></record></collection>